@comment{BibCompanion_Settings,
  textencoding        = {4},
  linemode            = {0},
  database_id         = {GBk7Dmo3PoxV3hDPTRGdjvrgSAAUCW9B},
  attachment_mode     = {1},
  rename_after_bibkey = {YES},
  keep_full_path      = {NO},
  attachment_path     = {Attachments}
}


@article{hoge,
  author  = {Sato Taro},
  journal = {hoge hoge},
  pages   = {11--12},
  title   = {HOGE Huga},
  volume  = 1,
  year    = 2022
}

@article{huga,
  author  = {Suzuki Hanako},
  journal = {huga huga},
  pages   = {1122--9876},
  title   = {huga huga hoge},
  volume  = 4,
  year    = 1989
}